@String(PAMI = {IEEE Trans. Pattern Anal. Mach. Intell.})
@String(IJCV = {Int. J. Comput. Vis.})
@String(CVPR= {IEEE Conf. Comput. Vis. Pattern Recog.})
@String(ICCV= {Int. Conf. Comput. Vis.})
@String(ECCV= {Eur. Conf. Comput. Vis.})
@String(NIPS= {Adv. Neural Inform. Process. Syst.})
@String(ICPR = {Int. Conf. Pattern Recog.})
@String(BMVC= {Brit. Mach. Vis. Conf.})
@String(TOG= {ACM Trans. Graph.})
@String(TIP  = {IEEE Trans. Image Process.})
@String(TVCG  = {IEEE Trans. Vis. Comput. Graph.})
@String(TMM  = {IEEE Trans. Multimedia})
@String(ACMMM= {ACM Int. Conf. Multimedia})
@String(ICME = {Int. Conf. Multimedia and Expo})
@String(ICASSP=	{ICASSP})
@String(ICIP = {IEEE Int. Conf. Image Process.})
@String(ACCV  = {ACCV})
@String(ICLR = {Int. Conf. Learn. Represent.})
@String(IJCAI = {IJCAI})
@String(PR   = {Pattern Recognition})
@String(AAAI = {AAAI})
@String(CVPRW= {IEEE Conf. Comput. Vis. Pattern Recog. Worksh.})
@String(CSVT = {IEEE Trans. Circuit Syst. Video Technol.})

@String(SPL	= {IEEE Sign. Process. Letters})
@String(VR   = {Vis. Res.})
@String(JOV	 = {J. Vis.})
@String(TVC  = {The Vis. Comput.})
@String(JCST  = {J. Comput. Sci. Tech.})
@String(CGF  = {Comput. Graph. Forum})
@String(CVM = {Computational Visual Media})


@String(PAMI  = {IEEE TPAMI})
@String(IJCV  = {IJCV})
@String(CVPR  = {CVPR})
@String(ICCV  = {ICCV})
@String(ECCV  = {ECCV})
@String(NIPS  = {NeurIPS})
@String(ICPR  = {ICPR})
@String(BMVC  =	{BMVC})
@String(TOG   = {ACM TOG})
@String(TIP   = {IEEE TIP})
@String(TVCG  = {IEEE TVCG})
@String(TCSVT = {IEEE TCSVT})
@String(TMM   =	{IEEE TMM})
@String(ACMMM = {ACM MM})
@String(ICME  =	{ICME})
@String(ICASSP=	{ICASSP})
@String(ICIP  = {ICIP})
@String(ACCV  = {ACCV})
@String(ICLR  = {ICLR})
@String(IJCAI = {IJCAI})
@String(PR = {PR})
@String(AAAI = {AAAI})
@String(CVPRW= {CVPRW})
@String(CSVT = {IEEE TCSVT})

@article{ghazanfar2016butterflies,
  title={Butterflies and their contribution in ecosystem: A review},
  author={Ghazanfar, Mobeen and Malik, Muhammad Faheem and Hussain, Mubashar and Iqbal, Razia and Younas, Misbah},
  journal={Journal of Entomology and Zoology Studies},
  volume={4},
  number={2},
  pages={115--118},
  year={2016}
}

@article{wang2020butterfly,
  title={Butterfly conservation in China: from science to action},
  author={Wang, Wen-Ling and Suman, Daniel O and Zhang, Hui-Hong and Xu, Zhen-Bang and Ma, Fang-Zhou and Hu, Shao-Ji},
  journal={Insects},
  volume={11},
  number={10},
  pages={661},
  year={2020},
  publisher={MDPI}
}

@article{xi2022multiple,
  title={Multiple butterfly recognition based on deep residual learning and image analysis},
  author={Xi, Tianyu and Wang, Jiangning and Han, Yan and Lin, Congtian and Ji, Liqiang},
  journal={Entomological Research},
  volume={52},
  number={1},
  pages={44--53},
  year={2022},
  publisher={Wiley Online Library}
}
@article{kaya2015automatic,
  title={Automatic identification of butterfly species based on local binary patterns and artificial neural network},
  author={Kaya, Y{\i}lmaz and Kayci, Lokman and Uyar, Murat},
  journal={Applied Soft Computing},
  volume={28},
  pages={132--137},
  year={2015},
  publisher={Elsevier}
}

@article{kang2012butterfly,
  title={Butterfly species identification by branch length similarity entropy},
  author={Kang, Seung-Ho and Jeon, Wonju and Lee, Sang-Hee},
  journal={Journal of Asia-Pacific Entomology},
  volume={15},
  number={3},
  pages={437--441},
  year={2012},
  publisher={Elsevier}
}

@article{kang2014identification,
  title={Identification of butterfly based on their shapes when viewed from different angles using an artificial neural network},
  author={Kang, Seung-Ho and Cho, Jung-Hee and Lee, Sang-Hee},
  journal={Journal of Asia-Pacific Entomology},
  volume={17},
  number={2},
  pages={143--149},
  year={2014},
  publisher={Elsevier}
}

@article{kaya2014evaluation,
  title={Evaluation of texture features for automatic detecting butterfly species using extreme learning machine},
  author={Kaya, Y{\i}lmaz and Kayci, Lokman and Tekin, Ramazan and Faruk Ertu{\u{g}}rul, {\"O}},
  journal={Journal of Experimental \& Theoretical Artificial Intelligence},
  volume={26},
  number={2},
  pages={267--281},
  year={2014},
  publisher={Taylor \& Francis}
}

@article{rashid2020sustainable,
  title={A sustainable deep learning framework for object recognition using multi-layers deep features fusion and selection},
  author={Rashid, Muhammad and Khan, Muhammad Attique and Alhaisoni, Majed and Wang, Shui-Hua and Naqvi, Syed Rameez and Rehman, Amjad and Saba, Tanzila},
  journal={Sustainability},
  volume={12},
  number={12},
  pages={5037},
  year={2020},
  publisher={MDPI}
}

@misc{hernandez2014automatic,
  title={Automatic identification of species with neural networks. PeerJ 2, e563},
  author={Hern{\'a}ndez-Serna, A and Jim{\'e}nez-Segura, LF},
  year={2014}
}

@article{xie2018automatic,
  title={The automatic identification of butterfly species},
  author={Xie, Juanying and Hou, Qi and Shi, Yinghuan and Peng, Lv and Jing, Liping and Zhuang, Fuzhen and Zhang, Junping and Tang, Xiaoyang and Xu, Shengquan},
  journal={arXiv preprint arXiv:1803.06626},
  year={2018}
}
@article{zhu2019towards,
  title={Towards image classification with machine learning methodologies for smartphones},
  author={Zhu, Lili and Spachos, Petros},
  journal={Machine Learning and Knowledge Extraction},
  volume={1},
  number={4},
  pages={1039--1057},
  year={2019},
  publisher={MDPI}
}
@inproceedings{arzar2019butterfly,
  title={Butterfly species identification using convolutional neural network (CNN)},
  author={Arzar, Nur Nabila Kamaron and Sabri, Nurbaity and Johari, Nur Farahin Mohd and Shari, Anis Amilah and Noordin, Mohd Rahmat Mohd and Ibrahim, Shafaf},
  booktitle={2019 IEEE international conference on automatic control and intelligent systems (I2CACIS)},
  pages={221--224},
  year={2019},
  organization={IEEE}
}

@inproceedings{o2020deep,
  title={Deep learning vs. traditional computer vision},
  author={Oâ€™Mahony, Niall and Campbell, Sean and Carvalho, Anderson and Harapanahalli, Suman and Hernandez, Gustavo Velasco and Krpalkova, Lenka and Riordan, Daniel and Walsh, Joseph},
  booktitle={Advances in Computer Vision: Proceedings of the 2019 Computer Vision Conference (CVC), Volume 1 1},
  pages={128--144},
  year={2020},
  organization={Springer}
}

@inproceedings{ioffe2015batch,
  title={Batch normalization: Accelerating deep network training by reducing internal covariate shift},
  author={Ioffe, Sergey and Szegedy, Christian},
  booktitle={International conference on machine learning},
  pages={448--456},
  year={2015},
  organization={pmlr}
}

@article{lecun2015deep,
  title={Deep learning},
  author={LeCun, Yann and Bengio, Yoshua and Hinton, Geoffrey},
  journal={nature},
  volume={521},
  number={7553},
  pages={436--444},
  year={2015},
  publisher={Nature Publishing Group UK London}
}

@article{krizhevsky2012imagenet,
  title={Imagenet classification with deep convolutional neural networks},
  author={Krizhevsky, Alex and Sutskever, Ilya and Hinton, Geoffrey E},
  journal={Advances in neural information processing systems},
  volume={25},
  year={2012}
}

@inproceedings{scherer2010evaluation,
  title={Evaluation of pooling operations in convolutional architectures for object recognition},
  author={Scherer, Dominik and M{\"u}ller, Andreas and Behnke, Sven},
  booktitle={International conference on artificial neural networks},
  pages={92--101},
  year={2010},
  organization={Springer}
}
@article{chang2017fine,
  title={Fine-grained butterfly and moth classification using deep convolutional neural networks},
  author={Chang, Qi and Qu, Hui and Wu, Pengxiang and Yi, Jingru},
  journal={Rutgers University: New Brunswick, NJ, USA},
  year={2017}
}

@inproceedings{he2016deep,
  title={Deep residual learning for image recognition},
  author={He, Kaiming and Zhang, Xiangyu and Ren, Shaoqing and Sun, Jian},
  booktitle={Proceedings of the IEEE conference on computer vision and pattern recognition},
  pages={770--778},
  year={2016}
}

@article{simonyan2014very,
  title={Very deep convolutional networks for large-scale image recognition},
  author={Simonyan, Karen and Zisserman, Andrew},
  journal={arXiv preprint arXiv:1409.1556},
  year={2014}
}

@inproceedings{tan2019efficientnet,
  title={Efficientnet: Rethinking model scaling for convolutional neural networks},
  author={Tan, Mingxing and Le, Quoc},
  booktitle={International conference on machine learning},
  pages={6105--6114},
  year={2019},
  organization={PMLR}
}

@article{wu2021vision,
  title={Vision Transformer-based recognition of diabetic retinopathy grade},
  author={Wu, Jianfang and Hu, Ruo and Xiao, Zhenghong and Chen, Jiaxu and Liu, Jingwei},
  journal={Medical Physics},
  volume={48},
  number={12},
  pages={7850--7863},
  year={2021},
  publisher={Wiley Online Library}
}

@article{han2022survey,
  title={A survey on vision transformer},
  author={Han, Kai and Wang, Yunhe and Chen, Hanting and Chen, Xinghao and Guo, Jianyuan and Liu, Zhenhua and Tang, Yehui and Xiao, An and Xu, Chunjing and Xu, Yixing and others},
  journal={IEEE transactions on pattern analysis and machine intelligence},
  volume={45},
  number={1},
  pages={87--110},
  year={2022},
  publisher={IEEE}
}
@article{bazi2021vision,
  title={Vision transformers for remote sensing image classification},
  author={Bazi, Yakoub and Bashmal, Laila and Rahhal, Mohamad M Al and Dayil, Reham Al and Ajlan, Naif Al},
  journal={Remote Sensing},
  volume={13},
  number={3},
  pages={516},
  year={2021},
  publisher={MDPI}
}

@article{kingma2014adam,
  title={Adam: A method for stochastic optimization},
  author={Kingma, Diederik P and Ba, Jimmy},
  journal={arXiv preprint arXiv:1412.6980},
  year={2014}
}

@inproceedings{zhang2018improved,
  title={Improved adam optimizer for deep neural networks},
  author={Zhang, Zijun},
  booktitle={2018 IEEE/ACM 26th international symposium on quality of service (IWQoS)},
  pages={1--2},
  year={2018},
  organization={Ieee}
}

@article{paszke2019pytorch,
  title={Pytorch: An imperative style, high-performance deep learning library},
  author={Paszke, Adam and Gross, Sam and Massa, Francisco and Lerer, Adam and Bradbury, James and Chanan, Gregory and Killeen, Trevor and Lin, Zeming and Gimelshein, Natalia and Antiga, Luca and others},
  journal={Advances in neural information processing systems},
  volume={32},
  year={2019}
}
@article{howard2020fastai,
  title={Fastai: A layered API for deep learning},
  author={Howard, Jeremy and Gugger, Sylvain},
  journal={Information},
  volume={11},
  number={2},
  pages={108},
  year={2020},
  publisher={Multidisciplinary Digital Publishing Institute}
}











